0000021032022005        00028964  PROGNO ALEXANDRE          CREGBEBB   00401214467 00000                                       2
10039191156749841 EUR0BE                  0000000011581240190220KALEO - CENTRE BELGE TOURICompte d'entreprise CBC            039
2100010000ZDZU01115ASCTBBEONTVA0000000000019800200220001500001101150011118675                                      20022003901 0
2200010000                                                                                        GKCCBEBB                   1 0
2300010000BE41063012345610                     PARTNER 1                                                                     0 1
3100010001OL44483FW SCTOFBIONLO001010001001PARTNER 1                                                                         0 0
2100020000OL4414AC8BOVSOVSOVERS0000000000044450110111001500001101150011118676                                      11011113501 0
2200020000                                                                                        BBRUBEBB                   1 0
2300020000BE61310126985517                     PARTNER 2                                                                     0 1
3100020001OL4414AC8BOVSOVSOVERS001500001001PARTNER 2                                                                         1 0
3200020001MOLENSTRAAT 60                     9340    LEDE                                                                    0 0
2100030000AFECA0BIS IKLINNINBIS1000000000479040110111313410000              KBC-INVESTERINGSKREDIET 737-6543210-21 11011113510 0
2100030001AFECA0BIS IKLINNINBIS1000000000419920110111813410660                                                     11011113500 0
2100030002AFECA0BIS IKLINNINBIS1000000000059120110111813410020                                                     11011113510 0
2100040000AFECA0CVA IKLINNINNIG1000000000479040110111313410000              KBC-INVESTERINGSKREDIET 737-6543210-21 11011113510 0
2100040001AFECA0CVA IKLINNINNIG1000000000419920110111813410660                                                     11011113500 0
2100040002AFECA0CVA IKLINNINNIG1000000000059120110111813410020                                                     11011113510 0
2100050000AOGM00160BSCTOBOGOVER0000000000063740110111001500000TERUGGAVE 37232481 8400083296 .                      11011113501 0
2200050000                                                     362/363                            KREDBEBB                   1 0
2300050000BE43730004200601                     KBC VERZEKERINGEN NV                                                          0 1
3100050001AOGM00160BSCTOBOGOVER001500001001KBC VERZEKERINGEN NV                                                              1 0
3200050001VAN OVERSTRAETENPLEIN 2            3000    LEUVEN                                                                  0 0
8135BE44734024486445                  EUR0000000013646050110111                                                                0
9               000022000000001393080000000003108190                                                                           2
0000012032405005           40720881000 MILLIEMES            GKCCBEBB   00554791203 00000                                       2
12005BE82068902181768                  EUR0000000000062490060324ACP HAUTE 115             COMPTE CLASSIC                     005
2100010000090187753C145        1000000000020840120324001010001101670006721485                                      12032400501 0
2200010000                                                                                        GEBABEBB                   1 0
2300010000BE81000325873924                     Engie 24                                                                      0 1
3100010001090187753C145        001010000VIREMENT VERS 000 187753C145                                                         0 0
8005BE82068902181768                  EUR0000000000041650120324                                                                0
9               000006000000000020840000000000000000                                                                           2
